<mx:record xmlns="http://www.w3.org/TR/xhtml1/strict" xmlns:mx="http://www.loc.gov/MARC21/slim" xmlns:xsi="http://www.w3.org/2001/XMLSchema-instance"><mx:leader>00000cz   2200000n  0000</mx:leader><mx:controlfield tag="001">oca03855812 </mx:controlfield><mx:controlfield tag="005">20001103070247.0</mx:controlfield><mx:controlfield tag="008">950609n| acannaabn          |a aaa     c</mx:controlfield><mx:datafield ind1=" " ind2=" " tag="010"><mx:subfield code="a">nr 95021466</mx:subfield></mx:datafield><mx:datafield ind1=" " ind2=" " tag="040"><mx:subfield code="a">NNC</mx:subfield><mx:subfield code="b">eng</mx:subfield><mx:subfield code="c">NNC</mx:subfield><mx:subfield code="d">OCoLC</mx:subfield></mx:datafield><mx:datafield ind1="1" ind2=" " tag="100"><mx:subfield code="a">Valerius Soranus, Q.</mx:subfield><mx:subfield code="q">(Quintus),</mx:subfield><mx:subfield code="d">ca. 140 B.C.-82 B.C.</mx:subfield></mx:datafield><mx:datafield ind1="1" ind2=" " tag="400"><mx:subfield code="a">Soranus, Q. Valerius</mx:subfield><mx:subfield code="q">(Quintus Valerius),</mx:subfield><mx:subfield code="d">ca. 140 B.C.-ca. 82 B.C.</mx:subfield></mx:datafield><mx:datafield ind1="0" ind2=" " tag="400"><mx:subfield code="a">Q. Valerius Soranus</mx:subfield><mx:subfield code="q">(Quintus Valerius Soranus),</mx:subfield><mx:subfield code="d">ca. 140 B.C.-ca. 82 B.C.</mx:subfield></mx:datafield><mx:datafield ind1="1" ind2=" " tag="400"><mx:subfield code="a">Valerius Soranus, Quintus,</mx:subfield><mx:subfield code="d">ca. 140 B.C.-82 B.C.</mx:subfield></mx:datafield><mx:datafield ind1=" " ind2=" " tag="670"><mx:subfield code="a">His Carmina [CF] 1991:</mx:subfield><mx:subfield code="b">PHI CD ROM #5.3, Latin Canon, bibliographic screen (Q. Valerius Soranus)</mx:subfield></mx:datafield><mx:datafield ind1=" " ind2=" " tag="670"><mx:subfield code="a">Oxford class. dict., 1st ed.:</mx:subfield><mx:subfield code="b">p. 935 (Valerius Soranus, Quintus; trib. pleb., 82 B.C.)</mx:subfield></mx:datafield><mx:datafield ind1=" " ind2=" " tag="670"><mx:subfield code="a">Pauly-Wissowa:</mx:subfield><mx:subfield code="b">2. Reihe, 15. Halbbd., col. 225-226; &amp;#034;Valerius&amp;#034;, #345 (Q. Valerius Soranus; named for his home city of Sora; linguist and antiquarian; some ancient authorities establish his dates as 140-82 B.C.)</mx:subfield></mx:datafield><mx:datafield ind1=" " ind2=" " tag="670"><mx:subfield code="a">Dict. of Greek and Roman biography and mythology, 1967:</mx:subfield><mx:subfield code="b">v. 3, p. 880 (Soranus, Q. Valerius; a contemporary of Antonius the orator, and therefore flourished about B.C. 100)</mx:subfield></mx:datafield><mx:datafield ind1=" " ind2=" " tag="675"><mx:subfield code="a">NUC pre-56.</mx:subfield></mx:datafield></mx:record>